% Encoding: UTF-8

@article{nunes2017local,
  author  = {Cristiano F. G. Nunes and Flavio L. C. Padua},
  title   = {A Local Feature Descriptor Based on Log-Gabor Filters for Keypoint Matching in Multispectral Images},
  journal = {{IEEE} Geoscience and Remote Sensing Letters},
  year    = {2017},
  volume  = {14},
  number  = {10},
  pages   = {1850--1854},
  month   = {oct}
}